% This file was created with JabRef 2.9.2.
% Encoding: ISO8859_1

% Order alphabetically
% Use something like https://flamingtempura.github.io/bibtex-tidy/ to clean all your bibtex entries

@article{Ebejer2012,
    author = {Ebejer, Jean-Paul and Morris, Garrett M. and Deane, Charlotte M.},
    title = {Freely Available Conformer Generation Methods: How Good Are They?},
    journal = {J. Chem. Inf. Model.},
    volume = {52},
    number = {5},
    pages = {1146--1158},
    year = {2012},
    doi = {10.1021/ci2004658},
}

@article{Einstein1905,
	author =       "Albert Einstein",
	title =        "{Zur Elektrodynamik bewegter K{\"o}rper}. ({German})
	[{On} the electrodynamics of moving bodies]",
	journal =      "Annalen der Physik",
	volume =       "322",
	number =       "10",
	pages =        "891--921",
	year =         "1905",
	DOI =          "http://dx.doi.org/10.1002/andp.19053221004",
	keywords =     "physics"
}
