% This file was created with JabRef 2.9.2.
% Encoding: ISO8859_1

% Order alphabetically
% Make sure all are consistent -- e.g. either all have Month or None do
% Use something like https://flamingtempura.github.io/bibtex-tidy/ to clean all your bibtex entries


@misc{Arrighi2003,
	title={Quantum Computation explained to my Mother}, 
	author={Pablo Arrighi},
	year={2003},
	eprint={quant-ph/0305045},
	archivePrefix={arXiv},
	primaryClass={quant-ph},
	url={https://arxiv.org/abs/quant-ph/0305045}, 
}

@article{Ebejer2016,
	title     = "Are the physicochemical properties of antibacterial compounds
	really different from other drugs?",
	author    = "Ebejer, Jean-Paul and Charlton, Michael H and Finn, Paul W",
	journal   = "J. Cheminform.",
	publisher = "Springer Science and Business Media LLC",
	volume    =  8,
	number    =  1,
	pages     = "30",
	month     =  jun,
	year      =  2016,
	keywords  = "Antibacterials; ChEMBL; Cheminformatics database analysis;
	Drug-like compounds; Molecular properties",
	language  = "en"
}
